@article{CODiPM,
	title = {Crowdsourced {Outcome} {Determination} in {Prediction} {Markets}},
	url = {http://arxiv.org/abs/1612.04885},
	language = {en},
	urldate = {2020-03-01},
	journal = {arXiv:1612.04885 [cs]},
	author = {Freeman, Rupert and Lahaie, Sebastien and Pennock, David M.},
	month = dec,
	year = {2016},
	note = {arXiv: 1612.04885},
}

@article{Spann2003,
	author = {Skiera, Bernd and Spann, Martin},
	year = {2003},
	month = {10},
	pages = {1310-1326},
	title = {Internet-Based Virtual Stock Markets for Business Forecasting},
	volume = {49},
	journal = {Management Science},
	doi = {10.1287/mnsc.49.10.1310.17314}
}

@article{Berg2006,
	author = {Berg, J.E. and Rietz, Thomas},
	year = {2006},
	month = {01},
	pages = {142-169},
	title = {The Iowa electronic markets: Stylized facts and open issues},
	journal = {AEI- Brookings Joint Center for Regulatory Studies}
}

@inproceedings{Nay2016,
	title={Betting and belief: prediction markets and attribution of climate change},
	author={Nay, John J and Van der Linden, Martin and Gilligan, Jonathan M},
	booktitle={2016 Winter Simulation Conference (WSC)},
	pages={1666--1677},
	year={2016},
	organization={IEEE}
}

@inproceedings{Kroer2016,
	title={Arbitrage-free combinatorial market making via integer programming},
	author={Kroer, Christian and Dud{\'\i}k, Miroslav and Lahaie, S{\'e}bastien and Balakrishnan, Sivaraman},
	booktitle={Proceedings of the 2016 ACM Conference on Economics and Computation},
	pages={161--178},
	year={2016}
}

@inproceedings{Liu2020,
	author = {Liu, Yang and Wang, Juntao and Chen, Yiling},
	title = {Surrogate Scoring Rules},
	year = {2020},
	isbn = {9781450379755},
	publisher = {Association for Computing Machinery},
	address = {New York, NY, USA},
	url = {https://doi.org/10.1145/3391403.3399488},
	doi = {10.1145/3391403.3399488},
	booktitle = {Proceedings of the 21st ACM Conference on Economics and Computation},
	pages = {853–871},
	numpages = {19},
	keywords = {dominant strategy incentive compatibility, peer prediction,
		strictly proper scoring rules, information calibration, information
			elicitation without verification},
	location = {Virtual Event, Hungary},
	series = {EC ’20}
}

@article{Peterson2015,
	title={Augur: a decentralized oracle and prediction market platform},
	author={Peterson, Jack and Krug, Joseph and Zoltu, Micah and Williams, Austin K and Alexander, Stephanie},
	journal={arXiv preprint arXiv:1501.01042},
	year={2015}
}

@misc{Predictalot,
  title = {{Predictalot!} (and we mean a lot)},
  howpublished = {\url{http://blog.oddhead.com/2010/03/05/predictalot/}},
  note = {Accessed: 2020-02-16}
}

@misc{Gnosis,
  title = {Gnosis},
  howpublished = {\url{https://gnosis.io/}},
  note = {Accessed: 2020-04-16}
}

@misc{Hivemind,
  title = {Hivemind},
  howpublished = {\url{https://hvmd.io/}},
  note = {Accessed: 2020-04-16}
}

@misc{PredictIt,
  title = {PredictIt},
  howpublished = {\url{https://www.predictit.org}},
  note = {Accessed: 2020-02-16}
}

@misc{Augur,
  title = {{Augur:} the world's most accessible, no-limit betting platform.},
  howpublished = {\url{https://www.augur.net}},
  note = {Accessed: 2020-02-16}
}

@misc{IEM,
  title = {{IEM}: {Iowa Electronic Markets}},
  howpublished = {\url{https://iemweb.biz.uiowa.edu}},
  note = {Accessed: 2020-02-16}
}

@article{LMSR,
	title = {Logarithmic {Market} {Scoring} {Rules} for {Modular} {Combinatorial} {Information} {Aggregation}},
	language = {en},
	author = {Hanson, Robin},
	pages = {12},
}


@phdthesis{Witkowski2014,
	title = {Robust {Peer} {Prediction} {Mechanisms}},
	language = {en},
	author = {Witkowski, Jens},
	year = {2014},
	pages = {135},
}

@inproceedings{JurcaFaltings2008,
	address = {Chicago, Il, USA},
	title = {Incentives for expressing opinions in online polls},
	isbn = {978-1-60558-169-9},
	url = {http://portal.acm.org/citation.cfm?doid=1386790.1386812},
	doi = {10.1145/1386790.1386812},
	language = {en},
	urldate = {2020-07-11},
	booktitle = {Proceedings of the 9th {ACM} conference on {Electronic}
		commerce - {EC} '08},
	publisher = {ACM Press},
	author = {Jurca, Radu and Faltings, Boi},
	year = {2008},
	pages = {119--128},
}

@inproceedings{JurcaFaltings2011,
	title = {Incentives for {Answering} {Hypothetical} {Questions}},
	booktitle = {Workshop on {Social} {Computing} and {User} {Generated}
		{Content} - {EC} '11},
	language = {en},
	author = {Jurca, Radu and Faltings, Boi},
	year = {2011},
	pages = {9},
}

@misc{assassinationMarkets,
  title = {Assassination market},
  howpublished = {\url{https://en.wikipedia.org/wiki/Assassination_market}},
  note = {Accessed: 2020-06-06}
}

@misc{crowdfundingMurder,
  title = {{Meet the `Assassination Market' Creator Who's Crowdfunding Murder
	  with Bitcoins}},
  howpublished = {\url{https://www.forbes.com/sites/andygreenberg/2013/11/18/meet-the-assassination-market-creator-whos-crowdfunding-murder-with-bitcoins/}},
  note = {Accessed: 2020-06-06}
}
