@article{CODiPM,
	title = {Crowdsourced {Outcome} {Determination} in {Prediction} {Markets}},
	url = {http://arxiv.org/abs/1612.04885},
	language = {en},
	urldate = {2020-03-01},
	journal = {arXiv:1612.04885 [cs]},
	author = {Freeman, Rupert and Lahaie, Sebastien and Pennock, David M.},
	month = dec,
	year = {2016},
	note = {arXiv: 1612.04885},
}

@article{LMSR,
	title = {Logarithmic {Market} {Scoring} {Rules} for {Modular} {Combinatorial} {Information} {Aggregation}},
	language = {en},
	author = {Hanson, Robin},
	pages = {12},
}